@ARTICLE{2024MNRAS.529.4699D,
       author = {{Dhandha}, Jiten and {Faes}, Zoe and {Smith}, Rowan J.},
        title = "{Decaying turbulence in molecular clouds: how does it affect filament networks and star formation?}",
      journal = {\mnras},
     keywords = {turbulence, software: public release, stars: formation, ISM: clouds, ISM: structure, Astrophysics - Astrophysics of Galaxies, Astrophysics - Solar and Stellar Astrophysics},
         year = 2024,
        month = apr,
       volume = {529},
       number = {4},
        pages = {4699-4718},
          doi = {10.1093/mnras/stae862},
archivePrefix = {arXiv},
       eprint = {2307.12428},
 primaryClass = {astro-ph.GA},
       adsurl = {https://ui.adsabs.harvard.edu/abs/2024MNRAS.529.4699D},
      adsnote = {Provided by the SAO/NASA Astrophysics Data System}
}

@ARTICLE{2024arXiv240204008O,
       author = {{O'Hara}, Oscar Sage David and {Dulwich}, Fred and {de Lera Acedo}, Eloy and {Dhandha}, Jiten and {Gessey-Jones}, Thomas and {Anstey}, Dominic and {Fialkov}, Anastasia},
        title = "{Understanding spectral artefacts in SKA-LOW 21-cm cosmology experiments: the impact of cable reflections}",
      journal = {arXiv e-prints},
     keywords = {Astrophysics - Cosmology and Nongalactic Astrophysics, Astrophysics - Instrumentation and Methods for Astrophysics},
         year = 2024,
        month = feb,
          eid = {arXiv:2402.04008},
        pages = {arXiv:2402.04008},
          doi = {10.48550/arXiv.2402.04008},
archivePrefix = {arXiv},
       eprint = {2402.04008},
 primaryClass = {astro-ph.CO},
       adsurl = {https://ui.adsabs.harvard.edu/abs/2024arXiv240204008O},
      adsnote = {Provided by the SAO/NASA Astrophysics Data System}
}

@ARTICLE{2023arXiv231105366F,
       author = {{Fialkov}, Anastasia and {Gessey-Jones}, Thomas and {Dhandha}, Jiten},
        title = "{Cosmic mysteries and the hydrogen 21-cm line: bridging the gap with lunar observations}",
      journal = {arXiv e-prints},
     keywords = {Astrophysics - Cosmology and Nongalactic Astrophysics},
         year = 2023,
        month = nov,
          eid = {arXiv:2311.05366},
        pages = {arXiv:2311.05366},
          doi = {10.48550/arXiv.2311.05366},
archivePrefix = {arXiv},
       eprint = {2311.05366},
 primaryClass = {astro-ph.CO},
       adsurl = {https://ui.adsabs.harvard.edu/abs/2023arXiv231105366F},
      adsnote = {Provided by the SAO/NASA Astrophysics Data System}
}

@ARTICLE{2022MNRAS.517.2454A,
       author = {{Acharya}, Sandeep Kumar and {Dhandha}, Jiten and {Chluba}, Jens},
        title = "{Can accreting primordial black holes explain the excess radio background?}",
      journal = {\mnras},
     keywords = {Cosmology: Cosmic background radiation, Cosmology: Theory, Astrophysics - Cosmology and Nongalactic Astrophysics, Astrophysics - High Energy Astrophysical Phenomena},
         year = 2022,
        month = dec,
       volume = {517},
       number = {2},
        pages = {2454-2461},
          doi = {10.1093/mnras/stac2739},
archivePrefix = {arXiv},
       eprint = {2208.03816},
 primaryClass = {astro-ph.CO},
       adsurl = {https://ui.adsabs.harvard.edu/abs/2022MNRAS.517.2454A},
      adsnote = {Provided by the SAO/NASA Astrophysics Data System}
}

@ARTICLE{2022A&A...658A...7B,
       author = {{Badole}, S. and {Venkattu}, D. and {Jackson}, N. and {Wallace}, S. and {Dhandha}, J. and {Hartley}, P. and {Riddell-Rovira}, C. and {Townsend}, A. and {Morabito}, L.~K. and {McKean}, J.~P.},
        title = "{High-resolution imaging with the International LOFAR Telescope: Observations of the gravitational lenses MG 0751+2716 and CLASS B1600+434}",
      journal = {\aap},
     keywords = {gravitational lensing: strong, radio continuum: galaxies, quasars: individual: MG 0751+2716, quasars: individual: CLASS B1600+434, techniques: interferometric, Astrophysics - Astrophysics of Galaxies},
         year = 2022,
        month = feb,
       volume = {658},
          eid = {A7},
        pages = {A7},
          doi = {10.1051/0004-6361/202141227},
archivePrefix = {arXiv},
       eprint = {2108.07293},
 primaryClass = {astro-ph.GA},
       adsurl = {https://ui.adsabs.harvard.edu/abs/2022A&A...658A...7B},
      adsnote = {Provided by the SAO/NASA Astrophysics Data System}
}